<?xml version="1.0" encoding="UTF-8"?><collection xmlns="http://www.loc.gov/MARC21/slim"><record><leader>00342nam--2200133-i-4500</leader><controlfield tag="001">000028407</controlfield><controlfield tag="002">20161230</controlfield><controlfield tag="005">20161230201037</controlfield><controlfield tag="008">060222s1000------------r-----000-0-eng-d</controlfield><datafield ind1=" " ind2=" " tag="080"><subfield code="a">629.19:523:533.6</subfield></datafield><datafield ind1=" " ind2=" " tag="245"><subfield code="a">Progress in aerospace sciences</subfield></datafield><datafield ind1=" " ind2=" " tag="260"><subfield code="a">Oxford, Pergamon Press, 1976. Vi + 460p</subfield></datafield><datafield ind1=" " ind2=" " tag="700"><subfield code="a">Kuchemann, D./S.A.</subfield></datafield><datafield ind1=" " ind2=" " tag="852"><subfield code="a">45314</subfield></datafield></record></collection>